@Manual{lintr,
  title =		 {lintr: A 'Linter' for R Code},
  author =		 {Jim Hester},
  year =		 {2017},
  note =		 {R package version 1.0.2},
  url =			 {https://CRAN.R-project.org/package=lintr},
}

@Manual{CodeDepends,
  title =		 {CodeDepends: Analysis of R Code for Reproducible
                  Research and Code Comprehension},
  author =		 {Duncan Temple Lang and Roger Peng and Deborah Nolan
                  and Gabriel Becker},
  year =		 {2018},
  note =		 {R package version 0.6.0},
  url =			 {https://CRAN.R-project.org/package=CodeDepends},
}

@Manual{globals,
  title =		 {globals: Identify Global Objects in R Expressions},
  author =		 {Henrik Bengtsson},
  year =		 {2018},
  note =		 {R package version 0.12.1},
  url =			 {https://CRAN.R-project.org/package=globals},
}

@Manual{future,
  title =		 {future: Unified Parallel and Distributed Processing
                  in R for Everyone},
  author =		 {Henrik Bengtsson},
  year =		 {2018},
  note =		 {R package version 1.8.1},
  url =			 {https://CRAN.R-project.org/package=future},
}

@Manual{parallelize_dynamic,
  title =		 {parallelize.dynamic: Automate parallelization of
                  function calls by means of dynamic code analysis},
  author =		 {Stefan Boehringer},
  year =		 {2013},
  note =		 {R package version 0.9-1},
  url =
                  {https://CRAN.R-project.org/package=parallelize.dynamic},
}

@Manual{covr,
  title =		 {covr: Test Coverage for Packages},
  author =		 {Jim Hester},
  year =		 {2018},
  note =		 {R package version 3.1.0},
  url =			 {https://CRAN.R-project.org/package=covr},
}

@Manual{drake,
  title =		 {drake: A Pipeline Toolkit for Reproducible
                  Computation at Scale},
  author =		 {William Michael Landau},
  year =		 {2018},
  note =		 {R package version 5.2.1},
  url =			 {https://CRAN.R-project.org/package=drake},
}

@Manual{tidyverse,
  title =		 {tidyverse: Easily Install and Load the 'Tidyverse'},
  author =		 {Hadley Wickham},
  year =		 {2017},
  note =		 {R package version 1.2.1},
  url =			 {https://CRAN.R-project.org/package=tidyverse},
}

@Manual{roxygen2,
  title =		 {roxygen2: In-Line Documentation for R},
  author =		 {Hadley Wickham and Peter Danenberg and Manuel
                  Eugster},
  year =		 {2017},
  note =		 {R package version 6.0.1},
  url =			 {https://CRAN.R-project.org/package=roxygen2},
}

@Manual{trackr,
  title =		 {trackr: Semantic Annotation and Discoverability
                  System for R-Based Artifacts},
  author =		 {Gabriel Becker and Sara Moore},
  year =		 {2018},
  note =		 {R package version 0.7.5},
  url =			 {https://CRAN.R-project.org/package=trackr},
}

@Manual{R,
  title =		 {R: A Language and Environment for Statistical
                  Computing},
  author =		 {{R Core Team}},
  organization = {R Foundation for Statistical Computing},
  address =		 {Vienna, Austria},
  year =		 {2018},
  url =			 {https://www.R-project.org/},
}
