@article{lang2014enhancing,
  title={Enhancing R with advanced compilation tools and methods},
  author={Lang, Duncan Temple and others},
  journal={Statistical Science},
  volume={29},
  number={2},
  pages={181--200},
  year={2014},
  publisher={Institute of Mathematical Statistics}
}
@article{bohringer2013dynamic,
  title={Dynamic parallelization of R functions},
  author={B{\"o}hringer, Stefan},
  journal={The R Journal},
  volume={5},
  number={2},
  pages={88--96},
  year={2013}
}
