@Manual{R-CodeDepends,
  title = {CodeDepends: Analysis of R Code for Reproducible Research and Code
Comprehension},
  author = {Duncan {Temple Lang} and Roger Peng and Deborah Nolan and Gabriel Becker},
  year = {2017},
  note = {R package version 0.5-3},
  url = {https://CRAN.R-project.org/package=CodeDepends},
}
@Manual{R-codetools,
  title = {codetools: Code Analysis Tools for R},
  author = {Luke Tierney},
  year = {2016},
  note = {R package version 0.2-15},
  url = {https://CRAN.R-project.org/package=codetools},
}
@Manual{R-knitr,
  title = {knitr: A General-Purpose Package for Dynamic Report Generation in R},
  author = {Yihui Xie},
  year = {2018},
  note = {R package version 1.20},
  url = {https://CRAN.R-project.org/package=knitr},
}
@Manual{R-lintr,
  title = {lintr: A 'Linter' for R Code},
  author = {Jim Hester},
  year = {2017},
  note = {R package version 1.0.2},
  url = {https://CRAN.R-project.org/package=lintr},
}
@Manual{R-partools,
  title = {partools: Tools for the 'Parallel' Package},
  author = {Norm Matloff and Clark Fitzgerald and Reed Davis and Robin Yancey and Shunxu Huang and Alex Rumbaugh and Hadley Wickham},
  note = {R package version 1.1.6},
  url = {https://github.com/matloff/partools},
  year = {2018},
}
@Manual{R-Rcpp,
  title = {Rcpp: Seamless R and C++ Integration},
  author = {Dirk Eddelbuettel and Romain Francois and JJ Allaire and Kevin Ushey and Qiang Kou and Nathan Russell and Douglas Bates and John Chambers},
  year = {2017},
  note = {R package version 0.12.14},
  url = {https://CRAN.R-project.org/package=Rcpp},
}
@Manual{R-rstatic,
  title = {rstatic: Low-level Static Analysis Tools for R Code},
  author = {Nick Ulle and Duncan {Temple Lang}},
  note = {R package version 0.0.0.9034},
  year = {2018},
}

@Manual{R-CodeAnalysis,
  title = {CodeAnalysis: Tools for Static Analysis of {R} code},
  author = {Nick Ulle and Duncan {Temple Lang}},
  note = {R package version 0.0.0.9034},
  year = {2018},
}
